@Electronic{History_2,
  author       = {Pintusaini},
  howpublished = {Online},
  language     = {English},
  month        = jun,
  organization = {GeeksForGeeks},
  title        = {History of TCP/IP},
  url          = {https://www.geeksforgeeks.org/history-of-tcp-ip/},
  year         = {2022},
}

@Electronic{History,
  author       = {Neznámý},
  howpublished = {Online},
  language     = {Angličtina},
  month        = dec,
  organization = {Hosting Concepts B.V. d/b/a Registrar.eu},
  title        = {History of TCP/IP},
  url          = {https://scos.training/history-of-tcp-ip},
  year         = {2022},
}

@Electronic{ARPNET,
  author       = {Gavin Wright},
  howpublished = {Online},
  language     = {Angličtina},
  month        = dec,
  organization = {DNC Holdings, Inc},
  title        = {ARPANET},
  url          = {bit.ly/3j6bDrjpurposes.},
  year         = {2022},
}

@Electronic{IP,
  author       = {Information Sciences Institute University of Southern California 4676 Admiralty Way Marina del Rey, California 90291},
  howpublished = {Online},
  language     = {Angličitna},
  month        = sep,
  organization = {Information Sciences Institute University of Southern California},
  title        = {INTERNET PROTOCOL},
  url          = {https://www.rfc-editor.org/rfc/rfc791},
  year         = {1987},
}

@Electronic{TCP,
  author       = {Information Sciences Institute University of Southern California 4676 Admiralty Way Marina del Rey, California 90291},
  howpublished = {Online},
  language     = {Angličtina},
  month        = sep,
  organization = {Information Sciences Institute University of Southern California},
  title        = {TRANSMISSION CONTROL PROTOCOL},
  url          = {https://www.rfc-editor.org/rfc/rfc793},
  year         = {1981},
}

@Electronic{Rules,
  author       = {STEPHEN D. CROCKER},
  howpublished = {Online},
  language     = {Angličtina},
  month        = apr,
  organization = {NewYork Times},
  title        = {How the Internet Got Its Rules},
  url          = {https://archive.nytimes.com/www.nytimes.com/2009/04/07/opinion/07crocker.html},
  year         = {2009},
}

@Electronic{History_3,
  author       = {Vint Cerf},
  howpublished = {Online},
  language     = {Angličtina},
  month        = dec,
  organization = {GoDaddy.com, LLC},
  title        = {A Brief History of the Internet and Related Networks},
  url          = {https://www.internetsociety.org/internet/history-internet/brief-history-internet-related-networks/},
  year         = {2022},
}

@Electronic{zaklady_komunikace_1,
  author       = {Mary E. Shacklett},
  howpublished = {Online},
  language     = {Angličitna},
  month        = dec,
  organization = {DNC Holdings, Inc},
  title        = {TCP/IP},
  url          = {https://www.techtarget.com/searchnetworking/definition/TCP-IP},
  year         = {2022},
}

@Electronic{zaklady_komunikace_2,
  author       = {Neznámý},
  howpublished = {Online},
  language     = {Angličtina},
  month        = dec,
  organization = {DNC Holdings, Inc},
  title        = {end-to-end principle},
  url          = {bit.ly/3YwboGe},
  year         = {2022},
}

@Electronic{zaklady_komunikace_3,
  author       = {Neznámý},
  howpublished = {Online},
  language     = {Angličtina},
  month        = dec,
  organization = {PSI-USA, Inc. dba Domain Robot},
  title        = {What Is a Network Node},
  url          = {https://www.solarwinds.com/resources/it-glossary/network-node},
  year         = {2022},
}

@Electronic{Princip_5,
  author       = {_Drunk Engineer_},
  howpublished = {Online},
  language     = {Angličtina},
  month        = dec,
  title        = {OSI and TCP IP Models - Best Explanation},
  url          = {bit.ly/3W97Rfp},
  year         = {2022},
}

@Electronic{Princip_6,
  author       = {Charles M. Kozierok},
  howpublished = {Online},
  language     = {Angličtina},
  month        = dec,
  organization = {GoDaddy.com, LLC},
  title        = {The Robustness Principle},
  url          = {https://www.oreilly.com/library/view/tcpip-guide/9781593270476/ch45s04.html},
  year         = {2022},
}

@Electronic{Princip_1,
  author       = {Neznámý},
  howpublished = {Online},
  language     = {Angličtina},
  month        = dec,
  organization = {Safenames Ltd},
  title        = {What is TCP/IP},
  url          = {https://www.bigcommerce.com/ecommerce-answers/what-is-tcp-ip/},
  year         = {2022},
}

@Electronic{Princip_4,
  author       = {Neznámý},
  howpublished = {Online},
  language     = {Angličtina},
  month        = dec,
  organization = {PDR},
  title        = {TCP/IP Model},
  url          = {https://www.geeksforgeeks.org/tcp-ip-model/},
  year         = {2022},
}

@Electronic{Princip_3,
  author       = {Neznámý},
  howpublished = {Online},
  language     = {Angličtina},
  month        = dec,
  organization = {DNC Holdings, Inc},
  title        = {client-server model - client-server architecture},
  url          = {https://www.techtarget.com/searchnetworking/definition/client-server},
  year         = {2022},
}

@Comment{jabref-meta: databaseType:bibtex;}
